@book{Aktive_Bauelemente,
    author    = "Leonhard Stiny",
    title     = "Aktive elektronische Bauelement",
    note = {Seite 168}
}
@book{Halbleiterelektronik,
    author    = "Holger GÃ¶bel",
    title     = "Bauelemente der Halbleiterelektronik",
    note = {Seite 184}
}

@misc{osiopto_electronics,
  title = {osioptoelectronics},
  note = {http://www.osioptoelectronics.com}
}

@misc{Datenblatt_AS7261,
  title = {Datenblatt AS7261},
  note = {ams.com/as7261#tab/documents}
}

@misc{Datenblatt_AS7265X,
  title = {Datenblatt AS7265X},
  note = {ams.com/as7265X#tab/documents}
}

@misc{Datenblatt_LTC4316,
  title = {Datenblatt LTC4316},
  note = {https://www.analog.com/en/products/ltc4316.html#product-documentation}
}

@misc{Pi_4_Top_view,
  title = {Pi_4_Top_view},
  note = {projects.raspberrypi.org/en/projects/raspberry-pi-setting-up/1}
}

@misc{i2b-bus_org,
  title = {i2b-bus.org},
  note = {www.i2b-bus.org}
}

@misc{nxp_com,
  title = {nxp.com},
  note = {www.nxp.com/docs/en/user-guide/UM10204.pdf}
}
